<?xml version="1.0" encoding="UTF-8"?><collection xmlns="http://www.loc.gov/MARC21/slim"><record><leader>00439nam--2200133-i-4500</leader><controlfield tag="001">000046817</controlfield><controlfield tag="002">20161230</controlfield><controlfield tag="005">20161230201046</controlfield><controlfield tag="008">060222s1000------------r-----000-0-eng-d</controlfield><datafield ind1=" " ind2=" " tag="080"><subfield code="a">65.012.2:555.5</subfield></datafield><datafield ind1=" " ind2=" " tag="100"><subfield code="a">Wallmann, Gerhard Karl</subfield></datafield><datafield ind1=" " ind2=" " tag="245"><subfield code="a">Wirtschaftliche methoden der investitions-planung-einschliesslich standortplanung- in der mineralol verarbeitenden industrie</subfield></datafield><datafield ind1=" " ind2=" " tag="260"><subfield code="a">Munchen, Verlag R.Oldenbourg, 1969, 279p</subfield></datafield><datafield ind1=" " ind2=" " tag="852"><subfield code="a">37938</subfield></datafield></record></collection>